<?xml version="1.0" encoding="UTF-8"?><collection xmlns="http://www.loc.gov/MARC21/slim"><record><leader>00557nam--2200169-i-4500</leader><controlfield tag="001">000019981</controlfield><controlfield tag="002">20161230</controlfield><controlfield tag="005">20161230201033</controlfield><controlfield tag="008">060222s1000------------r-----000-0-eng-d</controlfield><datafield ind1=" " ind2=" " tag="040"><subfield code="a">IFIN-HH</subfield></datafield><datafield ind1=" " ind2=" " tag="080"><subfield code="a">539.12(061.3)</subfield></datafield><datafield ind1="1" ind2=" " tag="100"><subfield code="a">Mosher, Anne</subfield></datafield><datafield ind1="1" ind2="0" tag="245"><subfield code="a">Proceedings of summer institute on particle physics july 27- august 7, 1981</subfield><subfield code="b">The strong interactions slac report no.245, january 1982</subfield><subfield code="c">Anne mosher (ed.)</subfield></datafield><datafield ind1=" " ind2=" " tag="260"><subfield code="a">Stanford</subfield><subfield code="b">Stanford Linear Accelerator Center</subfield><subfield code="c">1981</subfield></datafield><datafield ind1=" " ind2=" " tag="300"><subfield code="a">708P</subfield></datafield><datafield ind1=" " ind2=" " tag="852"><subfield code="a">49922</subfield><subfield code="c">539.12</subfield></datafield><datafield ind1=" " ind2=" " tag="CAT"><subfield code="a">Sys</subfield><subfield code="c">20120109</subfield><subfield code="h">152900</subfield></datafield></record></collection>